<record><leader>00000cas a22000007a 4500</leader><controlfield tag="001">38869542</controlfield><controlfield tag="008">980330d192u19uuokuwr n       0    0eng d</controlfield><datafield ind1=" " ind2=" " tag="010"><subfield code="a">sn 98068519 </subfield></datafield><datafield ind1=" " ind2=" " tag="040"><subfield code="a">OBN</subfield><subfield code="b">eng</subfield><subfield code="c">OBN</subfield><subfield code="d">OCLCQ</subfield><subfield code="d">OCLCF</subfield><subfield code="d">OCLCO</subfield></datafield><datafield ind1="1" ind2=" " tag="029"><subfield code="a">AU@</subfield><subfield code="b">000013904174</subfield></datafield><datafield ind1=" " ind2=" " tag="042"><subfield code="a">msc</subfield></datafield><datafield ind1=" " ind2=" " tag="043"><subfield code="a">n-us-ok</subfield></datafield><datafield ind1="0" ind2="4" tag="245"><subfield code="a">The Sand Springs outlook.</subfield></datafield><datafield ind1="3" ind2=" " tag="246"><subfield code="a">Outlook</subfield></datafield><datafield ind1=" " ind2=" " tag="260"><subfield code="a">Sand Springs, Okla. :</subfield><subfield code="b">Outlook Pub. Co.</subfield></datafield><datafield ind1=" " ind2=" " tag="300"><subfield code="a">v.</subfield></datafield><datafield ind1=" " ind2=" " tag="310"><subfield code="a">Weekly</subfield></datafield><datafield ind1=" " ind2=" " tag="588"><subfield code="a">Description based on: Vol. 2, no. 7 (Aug. 23, 1929).</subfield></datafield><datafield ind1=" " ind2="0" tag="651"><subfield code="a">Sand Springs (Okla.)</subfield><subfield code="v">Newspapers.</subfield></datafield><datafield ind1=" " ind2="0" tag="651"><subfield code="a">Tulsa County (Okla.)</subfield><subfield code="v">Newspapers.</subfield></datafield><datafield ind1=" " ind2="7" tag="655"><subfield code="a">Newspapers.</subfield><subfield code="2">fast</subfield><subfield code="0">(OCoLC)fst01423814</subfield></datafield><datafield ind1=" " ind2="7" tag="651"><subfield code="a">Oklahoma</subfield><subfield code="z">Sand Springs.</subfield><subfield code="2">fast</subfield><subfield code="0">(OCoLC)fst01221389</subfield></datafield><datafield ind1=" " ind2="7" tag="651"><subfield code="a">Oklahoma</subfield><subfield code="z">Tulsa County.</subfield><subfield code="2">fast</subfield><subfield code="0">(OCoLC)fst01220997</subfield></datafield><datafield ind1=" " ind2=" " tag="752"><subfield code="a">United States</subfield><subfield code="b">Oklahoma</subfield><subfield code="c">Tulsa</subfield><subfield code="d">Sand Springs.</subfield></datafield><datafield ind1="0" ind2="0" tag="780"><subfield code="a">Oklahoma outlook</subfield></datafield></record>